% --- WEBOVE STRANKY

    @website{bib:developerMozilla,
      author =       {{MDN contributors}},
      title =        {Overview of HTTP},
      howpublished = {online},
      url =          {https://developer.mozilla.org/en-US/docs/Web/HTTP/Overview},
      cited =        {2020-10-26},
      year =         {2019},
      month =        {09},
    }
    
    @website{bib:httpRFC,
      author =       {{R. Fielding a další}},
      howpublished = {online},
      title =        {Hypertext Transfer Protocol},
      url =          {https://tools.ietf.org/html/rfc2616},
      cited =        {2020-10-28},
      year =         {1999},
      month =        {07},
    }

    @website{bib:obfuskace,
      author =       {{Miroslav Čermák}},
      title =        {Obfuskace a základní obfuskační techniky},
      howpublished = {online},
      url =          {https://www.cleverandsmart.cz/obfuskace-a-zakladni-obfuskacni-techniky/},
      cited =        {2021-50-07},
      year =         {2016},
      month =        {05},
    }
    
    @website{bib:tor_recognition,
      author =       {{John Paul}},
      title =        {Detecting TOR Communication from the Organization},
      howpublished = {online},
      url =          {https://www.linkedin.com/pulse/detecting-tor-communication-from-organization-gift-john-paul},
      cited =        {2021-03-03},
      year =         {2018},
      month =        {01},
    }
    
    @MISC{bib:intelligence_detect,
      author =       {{George D. Montanez}},
      title =        {The Turing Test and Other Design Detection Methodologies},
      howpublished = {online},
      url =          {https://www.cs.cmu.edu/~gmontane/pdfs/montanez-2016-detecting.pdf},
      cited =        {2021-01-18},
      year =         {2016},
      month =        {05},
    }
    
    @MISC{bib:Twitter_followings,
      author =       {{Irvin Dongo, Fabiola Martínez a další}},
      title =        {Web Scraping versus Twitter API: A Comparison for a Credibility Analysis},
      howpublished = {online},
      url =          {http://www.iiwas.org/conferences/iiwas2020/proceedings/iiwas-papers/p263-dongo.pdf},
      cited =        {2021-03-05},
      year =         {2020},
      month =        {12},
    }
    
    @MISC{bib:tor_browser,
      author =       {{Petr Medek}},
      title =        {Porovnání a využití nástrojů simulujících síť Tor},
      howpublished = {online},
      url =          {https://dspace.vutbr.cz/bitstream/handle/11012/191529/final-thesis.pdf?sequence=3&isAllowed=y},
      cited =        {2021-03-04},
      year =         {2020},
      month =        {05},
    }
    
    @website{bib:aplikacni_fw,
      author =       {{Kolektiv autorů}},
      title =        {What is an Application Firewall?},
      howpublished = {online},
      url =          {https://www.f5.com/services/resources/glossary/application-firewall},
      cited =        {2021-01-15},
      year =         {2020},
    }
    
    @website{bib:ddos,
      author =       {{Kolektiv autorů}},
      title =        "What Is a DDoS Attack?",
      howpublished = {online},
      url =          {https://www.cisco.com/c/en/us/products/security/what-is-a-ddos-attack.html},
      cited =        {2021-01-12},
      year =         {2019},
      month =        {02},
    }
    
    @website{bib:black_list,
      author =       {{Kolektiv autorů}},
      title =        {IP Blacklist},
      howpublished = {online},
      url =          {https://www.imperva.com/learn/application-security/ip-blacklist/},
      cited =        {2020-12-20},
      year =         {2019},
      month =        {01},
    }
    
    @website{bib:kyber_utoky,
      author =       {{Dan Kresa}},
      title =        {Jaké jsou nejčastější typy kybernetických útoků?},
      howpublished = {online},
      url =          {https://www.kybez.cz/clanky/detail?urltitle=jake-jsou-nejcastejsi-typy-kybernetickych-utoku-},
      cited =        {2021-01-08},
      year =         {2018},
      month =        {03},
    }
    
    @website{bib:firewall,
      author =       {{Amy L.DeCarlo a Robert G. Ferrell}},
      title =        {The 5 different types of firewalls explained},
      howpublished = {online},
      url =          {https://searchsecurity.techtarget.com/feature/The-five-different-types-of-firewalls},
      cited =        {2021-01-18},
      year =         {2021},
      month =        {01},
    }
    
    @website{bib:behaviorAnalysis,
      author =       {{Rabih Haidar, Shady Elbassuoni}},
      title =        {Website Navigation Behavior Analysis for Bot Detection},
      howpublished = {online},
      url =          {https://ieeexplore.ieee.org/document/8259764},
      cited =        {2021-01-08},
      year =         {2017},
      month =        {10},
    }
    
    @website{bib:session_creating,
      author =       {{TmaxSoft Co., Ltd.}},
      title =        {Session Tracking},
      howpublished = {online},
      url =          {https://technet.tmaxsoft.com/upload/download/online/jeus/pver-20160610-000001/session/chapter_session_tracking.html},
      cited =        {2020-12-15},
      year =         {2017},
      month =        {03},
    }
    
    @website{bib:API_introduction,
      author =       {{MDN Contributors}},
      title =        {Introduction to web APIs},
      howpublished = {online},
      url =          {https://developer.mozilla.org/en-US/docs/Learn/JavaScript/Client-side_web_APIs/Introduction},
      cited =        {2020-12-16},
      year =         {2020},
      month =        {09},
    }
    
    @website{bib:third_party_API,
      author =       {{MDN Contributors}},
      title =        {Third-part API},
      howpublished = {online},
      url =          {https://developer.mozilla.org/en-US/docs/Learn/JavaScript/Client-side_web_APIs/Third_party_APIs},
      cited =        {2020-12-16},
      year =         {2020},
      month =        {09},
    }
    
    @website{bib:selenium_chrome,
      author =       {{Applitools BLOG}},
      title =        {16 reasons why to use Selenium IDE in 2019 (and 2 why not)},
      howpublished = {online},
      url =          {https://applitools.com/blog/why-selenium-ide-2019/},
      cited =        {2020-12-16},
      year =         {2019},
    }
    
    @website{bib:selenium_projekty,
      author =       {{Kolektiv autorů}},
      title =        {The Selenium Browser Automation Project},
      howpublished = {online},
      url =          {https://www.selenium.dev/documentation/en/},
      cited =        {2020-12-16},
      year =         {2020},
    }
    
    @website{bib:selenium_webdriver,
      author =       {{Kolektiv autorů}},
      title =        {Automatické testování projektu JavaScript Restrictor},
      howpublished = {online},
      url =          {https://www.selenium.dev/documentation/en/webdriver/},
      cited =        {2020-12-16},
      year =         {2020},
      month =         {12},
    }
    
    
    @website{bib:selenium_tool_suite,
      author =       {{Kolektiv autorů JavaTPoint}},
      title =        {Selenium Tool Suite},
      howpublished = {online},
      url =          {https://www.javatpoint.com/selenium-tool-suite},
      cited =        {2020-12-16},
      year =         {2018},
    }
    
    @website{bib:browser_fingerprint,
      author =       {{Nick Briz}},
      title =        {This is Your Digital Fingerprint},
      howpublished = {online},
      url =          {https://blog.mozilla.org/internetcitizen/2018/07/26/this-is-your-digital-fingerprint/},
      cited =        {2020-12-17},
      year =         {2018},
    }
    
    @website{bib:selenium_webdrivers,
      author =       {{Katalon Studio}},
      title =        {A Deep Dive into Selenium, Its Alternative Solution for 2020 and Beyond},
      howpublished = {online},
      url =          {https://medium.com/katalon-studio/a-deep-dive-into-selenium-its-alternative-solution-for-2020-and-beyond-e49bcd428fa8},
      cited =        {2020-12-16},
      year =         {2020},
    }
    
    @MISC{bib:selenium_grid,
      author =       {{Martin Bednář}},
      title =        {Automatické testování projektu JavaScript Restrictor},
      howpublished = {online},
      url =          {https://dspace.vutbr.cz/handle/11012/195009},
      cited =        {2020-12-16},
      year =         {2019},
    }
    
    @MISC{bib:selenium_automatizace,
      author =       {{Vojtěch Bastl}},
      title =        {Automatizace webového prohlížeče},
      howpublished = {online},
      year =         {2019},
      url =          {https://dspace.vutbr.cz/handle/11012/180342},
      cited =        {2020-12-16},
    }
    
    @MISC{bib:session_connection,
      key =          {Szz},
      author =       {{Petr Štěpánek}},
      title =        {Method and system for separating HTTP session},
      howpublished = {online},
      year =         {2013},
      url =          {https://www.researchgate.net/publication/302648786_Method_and_system_for_separating_HTTP_session},
      cited =        {2020-12-15},
    }
 
     @website{bib:electron,
      author =       {{Macil 1.0.1}},
      title =        {Discord client in Electron},
      howpublished = {online},
      url =          {https://github.com/Macil/discord-tron},
      cited =        {2020-12-18},
      year =         {2016},
      month =        {12},
    }   
    
    @website{bib:google_inspect,
      author =       {{Google Developers}},
      title =        {Chrome DevTools},
      howpublished = {online},
      url =          {https://developers.google.com/web/tools/chrome-devtools/},
      cited =        {2020-12-10},
      year =         {2020},
      month =        {07},
    }
    
    @website{bib:htmlRFC,
      author =       {{T. Berners-Lee}},
      title =        {Hypertext Markup Language - 2.0},
      howpublished = {online},
      url =          {https://tools.ietf.org/html/rfc1866},
      cited =        {2020-11-09},
      year =         {1995},
      month =        {11},
    }
    
    @webpage{bib:HTTP_flood,
      author =       {{Gary Stevens}},
      title =        {Pravidla pro bibliografické citace},
      howpublished = {online},
      publisher =    {FIT VUT v Brně},
      year =         {2019},
      month =        {03},
      url =          {https://www.fit.vut.cz/study/theses/citations/},
      cited =        {2020-10-02},
    }    
    
    @webpage{bib:SQL_injection,
      author =       {{Beáta Bahureková}},
      title =        {Technika SQL injection - její metody a způsoby ochrany},
      howpublished = {online},
      url =          {https://securityboulevard.com/2020/06/eye-on-the-end-user-application-layer-security/},
      month =        {06},
      year =         {2020},
      cited =        {2020-12-17},
    }
    
    @webpage{bib:XSS,
      author =       {{Kolektiv autorů}},
      title =        {Web Parameter Tampering},
      howpublished = {online},
      url =          {https://owasp.org/www-community/attacks/Web_Parameter_Tampering},
      cited =        {2020-12-17},
      year =         {2020},
    }
    
    @MISC{bib:IIS_JS,
      author =       {{Radek Burget}},
      title =        {JavaScript a jQuery},
      howpublished = {private},
      url =          {https://wis.fit.vutbr.cz/FIT/st/cfs.php.cs?file=\%2Fcourse\%2FIIS-IT\%2Flectures\%2Fp09b_JavaScript.pdf&cid=13985},
      publisher =    {vutbr.cz},
      month =        {11},
      address =      {Brno},
      year =         {2020},
      cited =        {2020-12-18},
    }
    
    
    @MISC{bib:js_html_css,
      author =       {{Victor R. L. Shen, Chin-Shan Wei a další}},
      title =        {Javascript Malware Detection Using A High-Level Fuzzy Petri Net},
      howpublished = {online},
      url =          {https://ieeexplore.ieee.org/document/8527036},
      publisher =    {ieeexplore.ieee.org},
      month =        {07},
      address =      {Brno},
      year =         {2018},
      cited =        {2020-12-18},
    }
    
    
    @MISC{bib:XSS_vut,
      author =       {{Michal Dobeš}},
      title =        {Nástroj pro penetrační testování webových aplikací},
      howpublished = {online},
      url =          {https://www.vutbr.cz/studenti/zav-prace?zp_id=88410},
      publisher =    {vutbr.cz},
      month =        {06},
      address =      {Brno},
      year =         {2015},
      cited =        {2020-12-17},
    }
   
   @MISC{bib:sensitive_data_exposure,
      author =       {{Sayeed Z Sajal}},
      title =        {Interactive sensitive data exposure detection through static analysis},
      howpublished = {online},
      url =          {https://www.researchgate.net/publication/320174430_Interactive_sensitive_data_exposure_detection_through_static_analysis},
      publisher =    {researchgate.net},
      month =        {05},
      year =         {2017},
      cited =        {2020-12-17},
    }

   
    